<?xml version="1.0" encoding="UTF-8"?><collection xmlns="http://www.loc.gov/MARC21/slim"><record><leader>00394nam--2200145-i-4500</leader><controlfield tag="001">000036408</controlfield><controlfield tag="002">20161230</controlfield><controlfield tag="005">20161230201040</controlfield><controlfield tag="008">060222s1000------------r-----000-0-eng-d</controlfield><datafield ind1=" " ind2=" " tag="080"><subfield code="a">51</subfield></datafield><datafield ind1=" " ind2=" " tag="245"><subfield code="a">Iii posed problems in the natural sciences</subfield></datafield><datafield ind1=" " ind2=" " tag="260"><subfield code="a">Moscow, Mir Publishers, 1987, 344p</subfield></datafield><datafield ind1=" " ind2=" " tag="490"><subfield code="a">Advances In Science And Technology In The Ussr</subfield></datafield><datafield ind1=" " ind2=" " tag="700"><subfield code="a">Tikhonov, A. N</subfield></datafield><datafield ind1=" " ind2=" " tag="852"><subfield code="a">74590</subfield></datafield></record></collection>